@misc{gruber_holzer_ruepp_2007, title={Sorting the Slow Way: An Analysis of Perversely Awful Randomized Sorting Algorithms}, DOI={10.1007/978-3-540-72914-3_17}, journal={Lecture Notes in Computer Science Fun with Algorithms}, author={Gruber, Hermann and Holzer, Markus and Ruepp, Oliver}, year={2007}, pages={183â€“197}}
@misc{wikipedia_2021, title={Bloch sphere}, url={https://en.wikipedia.org/wiki/Bloch_sphere}, journal={Wikipedia}, publisher={Wikimedia Foundation}, author={Wikipedia}, year={2021}, month={Oct}}
@misc{the_other_tree_2009, title={Quantum Bogosort}, author={The Other Tree}, year={2009}, month={Oct}} 
@misc{thompson_2013, title={Are there any worse sorting algorithms than Bogosort (a.k.a Monkey Sort)?}, url={https://stackoverflow.com/questions/2609857/are-there-any-worse-sorting-algorithms-than-bogosort-a-k-a-monkey-sort#answer-6947808}, journal={Stack Overflow}, author={Thompson, Keith}, year={2013}, month={Feb}}
@misc{suau_21, title={What is maximum circuit depth and size IBM Q5 and Q16 could handle?}, url={https://quantumcomputing.stackexchange.com/questions/5747/what-is-maximum-circuit-depth-and-size-ibm-q5-and-q16-could-handle#answer-5752}, journal={Quantum Computing Stack Exchange}, note={Quantum Computing Stack Exchange}, author={Suau, Adrien}, year={2019}, month={Mar}}
@misc{ibm_21, url={https://quantum-computing.ibm.com/}, author={{IBM Quantum}}, year={2021}}
@misc{chuang, title={qasm2circ}, url={https://www.media.mit.edu/quanta/qasm2circ/}, journal={Quantum circuit viewer: qasm2circ}, publisher={MIT}, author={Chuang, Isaac}}
@misc{nielsen_chuang_2021, place={Cambridge}, title={Quantum Computation and Quantum Information}, publisher={Cambridge University Press}, author={Nielsen, Michael A. and Chuang, Isaac L.}, year={2021}}
@misc{zhang,
	doi = {10.1103/physrevlett.129.230504},
  
	url = {https://doi.org/10.1103/physrevlett.129.230504},
  
	year = 2022,
	month = {nov},
  
	publisher = {American Physical Society ({APS})},
  
	volume = {129},
  
	number = {23},
  
	author = {Xiao-Ming Zhang and Tongyang Li and Xiao Yuan},
  
	title = {Quantum State Preparation with Optimal Circuit Depth: Implementations and Applications},
  
	journal = {Physical Review Letters}
}
@misc{mottonen,
      title={Transformation of quantum states using uniformly controlled rotations}, 
      author={Mikko Mottonen and Juha J. Vartiainen and Ville Bergholm and Martti M. Salomaa},
      year={2004},
      eprint={quant-ph/0407010},
      archivePrefix={arXiv},
      primaryClass={quant-ph}
}
@misc{araujo,
  doi = {10.1038/s41598-021-85474-1},
  url = {https://doi.org/10.1038/s41598-021-85474-1},
  year = {2021},
  month = mar,
  publisher = {Springer Science and Business Media {LLC}},
  volume = {11},
  number = {1},
  author = {Israel F. Araujo and Daniel K. Park and Francesco Petruccione and Adenilton J. da Silva},
  title = {A divide-and-conquer algorithm for quantum state preparation},
  journal = {Scientific Reports}
}
